@online{RedBlobGames,
author =  {Red Blob Games},
title = {Delaunay+Voronoi on a sphere},
year = "19 Oct 2018",
url = {https://www.redblobgames.com/x/1842-delaunay-voronoi-sphere/}
}

