@Misc{TD_3D,
    author =  {Pierre BÃ©nard},
    title = {\textbf{University Course Master 1 Informatic Image and Sound}},
    howpublished = "\url{https://www.labri.fr/perso/pbenard/teaching/mondes3d/}",
    year = {Sept 2019},
    note = "{Accessed 31 marsh 2020}"
}

@Misc{RedBlobGames,
    author =  {Red Blob Games},
    title = {\textbf{Delaunay + Voronoi on a sphere}},
    howpublished = "\url{https://www.redblobgames.com/x/1842-delaunay-voronoi-sphere/}",
    year = {19 Oct 2018},
    note = "{Accessed 29 january 2020}"
}

@Misc{SongHoAhn,
    author =  {Song Ho Ahn},
    title = {\textbf{OpenGL Sphere}},
    howpublished = "\url{http://www.songho.ca/opengl/gl_sphere.html}",
    year = {2018},
    note = "{Accessed 29 january 2020}"
}

@Misc{TutoCamera,
    author = {Joey de Vries},
    title = {\textbf{Learn OpenGL Camera}},
    howpublished = "\url{https://learnopengl.com/Getting-started/Camera}",
    year = {Jun 2014},
    note = "(Accessed january 2020)"
}

@Misc{BookShader,
    author = {Patricio Gonzalez Vivo and Jen Lowe},
    title = {\textbf{The Book of Shaders}},
    howpublished = "\url{https://thebookofshaders.com/}",
    year = {2015},
    note = "{(Accessed 30 january 2020)}"
}

@Misc{freeglut,
    author = {John F. Fay, John Tsiombikas and Diederick C. Niehorster},
    title = {\textbf{Freeglut : the free OpenGL Utility Toolkit}},
    howpublished = "\url{http://freeglut.sourceforge.net/}",
    year = {Last update : 29 September 2019},
    note = "(Accessed 29 january 2020)"
}

@Misc{GLFW,
    author = {},
    title = {\textbf{GLFW (GL Frame Work)}},
    howpublished = "\url{https://www.glfw.org/}",
    year = {Last update : 20 january 2020},
    note = "(Accessed 29 january 2020)"
}

@Misc{Blender,
    author = {Blender Foundation (2002)},
    title = {\textbf{Blender}},
    howpublished = "\url{https://www.blender.org/}",
    year = {Last update : 21 novembre 2019},
    note = "(Accessed 01 february 2020)"
}

@Misc{PointDistribution,
    author =  {GNU Fdl},
    title = {\textbf{Evenly distributed points on sphere}},
    howpublished = "\url{http://web.archive.org/web/20120421191837/http://www.cgafaq.info/wiki/Evenly_distributed_points_on_sphere}",
    year = {2011},
    note = "{Accessed 29 january 2020}"
}

@Misc{LibNoise,
    author =  {
        Cedric Pinson,
        Jason Bevins,
        Joachim Schiele,
        Keith Davies,
        Owen Jacobson,
    },
    title = {\textbf{LibNoise, C++ OpenSource Noise Library}},
    howpublished = "\url{http://http://libnoise.sourceforge.net/}",
    year = {2007},
    note = "{Accessed 31 marsh 2020}"
}

@Misc{FastNoise,
    author =  {
        Jordan Peck
    },
    title = {\textbf{FastNoise, C++ OpenSource Noise Library}},
    howpublished = "\url{https://github.com/Auburns/FastNoise}",
    year = {2017},
    note = "{Accessed 31 marsh 2020}"
}
